@article{rov_review,
author = {He, Ying and Wang, Dao and Ali, Zain},
year = {2020},
month = {09},
pages = {1561-1570},
title = {A review of different designs and control models of remotely operated underwater vehicle},
volume = {53},
journal = {Measurement and Control},
doi = {10.1177/0020294020952483}
}

@article{overview,
author = {Govinda, Luis and Tomas, Salgado and Bandala, Manuel and Nava Balanzar, Luciano and Hernandez-Alvarado, Rodrigo and Antonio, Jose},
year = {2014},
month = {01},
pages = {1},
title = {Modelling, Design and Robust Control of a Remotely Operated Underwater Vehicle},
volume = {11},
journal = {International Journal of Advanced Robotic Systems},
doi = {10.5772/56810}
}

@book{fossen:guidance,
address = {New York, NY},
author = {Fossen, T.},
publisher = {Wiley},
title = {Guidance and Control of Ocean Vehicles},
year = 1995
}

@inproceedings{identification,
author={Traversaro, Silvio and Brossette, Stanislas and Escande, Adrien and Nori, Francesco},
booktitle={2016 IEEE/RSJ International Conference on Intelligent Robots and Systems (IROS)}, 
title={Identification of fully physical consistent inertial parameters using optimization on manifolds}, 
year={2016},
volume={},
number={},
pages={5446-5451},
doi={10.1109/IROS.2016.7759801}}

@inproceedings{quat_smc,
author={Lopez, Brett T. and Slotine, Jean-Jacques E.},
booktitle={2021 IEEE International Conference on Robotics and Automation (ICRA)}, 
title={Sliding on Manifolds: Geometric Attitude Control with Quaternions}, 
year={2021},
volume={},
number={},
pages={11140-11146},
doi={10.1109/ICRA48506.2021.9561867}}

@article{inspection_review,
author={Capocci, Romano and Dooly, Gerard and Omerdić, Edin and Coleman, Joseph and Newe, Thomas and Toal, Daniel},
title={Inspection-Class Remotely Operated Vehicles—A Review},
journal={Journal of Marine Science and Engineering},
volume={5},
year={2017},
month = {03},
pages={13},
doi={10.3390/jmse5010013}
}

@article{slotine,
author={Yoerger, D. and Slotine, J.},
journal={IEEE Journal of Oceanic Engineering}, 
title={Robust trajectory control of underwater vehicles}, 
year={1985},
volume={10},
number={4},
month = {10},
pages={462-470},
doi={10.1109/JOE.1985.1145131}
}

@article{fossen:control,
author = {Fossen, Thor and Sagatun, Svein},
year = {1991},
month = {04},
pages = {95-105},
title = {Adaptive control of nonlinear underwater robotic systems},
volume = {12},
journal = {Modeling, Identification and Control: A Norwegian Research Bulletin},
doi = {10.4173/mic.1991.2.4}
}

@article{bluerov,
author={von Benzon, Malte and Sørensen, Fredrik Fogh and Uth, Esben and Jouffroy, Jerome and Liniger, Jesper and Pedersen, Simon},
title={An Open-Source Benchmark Simulator: Control of a BlueROV2 Underwater Robot},
journal={Journal of Marine Science and Engineering},
volume={10},
pages={1898},
month={12},
year={2022},
doi={10.3390/jmse10121898}
}

@article{bluerov,
author={von Benzon, Malte and Sørensen, Fredrik Fogh and Uth, Esben and Jouffroy, Jerome and Liniger, Jesper and Pedersen, Simon},
title={An Open-Source Benchmark Simulator: Control of a BlueROV2 Underwater Robot},
journal={Journal of Marine Science and Engineering},
volume={10},
pages={1898},
month={12},
year={2022},
doi={10.3390/jmse10121898}
}

@article{utkin,
  title={Variable Structure Systems with Sliding Modes},
  author={Utkin, V. I.},
  journal={IEEE Transactions on Automatic Control},
  volume={22},
  number={2},
  pages={212--222},
  year={1977},
  doi={10.1109/TAC.1977.1101446}
}

@book{slotine_applied,
  title={Applied Nonlinear Control},
  author={Slotine, J.J.E. and Li, W.},
  isbn={9780130400499},
  lccn={90033365},
  series={Prentice-Hall International Editions},
  year={1991},
  publisher={Prentice-Hall}
}

@article{spong,
  author={Spong, M.W.},
  journal={IEEE Transactions on Automatic Control}, 
  title={On the robust control of robot manipulators}, 
  year={1992},
  volume={37},
  number={11},
  pages={1782-1786},
  doi={10.1109/9.173151}
}

@article{utkin_opt,
  author = {Utkin, Vadim and Chang, Hao-Chi},
  year = {2002},
  month = {09},
  title = {Sliding mode control on electro-mechanical systems},
  volume = {8},
  journal = {Mathematical Problems in Engineering},
  doi = {10.1080/10241230306724}
}

@book{utkin_book,
  title = {Sliding Modes in Control and Optimization},
  ISBN = {9783642843792},
  DOI = {10.1007/978-3-642-84379-2},
  publisher = {Springer Berlin Heidelberg},
  author = {Utkin,  Vadim I.},
  year = {1992}
}

@article{control_overview,
  title = {Model-Based Dynamic Positioning of Underwater Robotic Vehicles: Theory and Experiment},
  volume = {29},
  ISSN = {0364-9059},
  DOI = {10.1109/joe.2003.823312},
  number = {1},
  journal = {IEEE Journal of Oceanic Engineering},
  publisher = {Institute of Electrical and Electronics Engineers (IEEE)},
  author = {Smallwood,  D.A. and Whitcomb,  L.L.},
  year = {2004},
  pages = {169-186}
}

@book{spong_book,
  title={Robot Modeling and Control},
  author={Spong, M.W. and Hutchinson, S. and Vidyasagar, M.},
  isbn={9780471649908},
  lccn={2005054227},
  year={2005},
  publisher={Wiley}
}

@article{overview2,
  author = {Abdul Azis, Fadilah and Mohd Aras, Mohd Shahrieel and Rashid, M.Z.A. and Othman, Muhammad Nur and Abdullah, S.},
  year = {2012},
  month = {12},
  pages = {554-560},
  title = {Problem Identification for Underwater Remotely Operated Vehicle (ROV): A Case Study},
  volume = {41},
  journal = {Procedia Engineering},
  doi = {10.1016/j.proeng.2012.07.211}
}

@ARTICLE{systematic_review,
  AUTHOR={Sward, Darryn and Monk, Jacquomo and Barrett, Neville},   
  TITLE={A Systematic Review of Remotely Operated Vehicle Surveys for Visually Assessing Fish Assemblages},      
  JOURNAL={Frontiers in Marine Science},      
  VOLUME={6},           
  YEAR={2019},              
  DOI={10.3389/fmars.2019.00134},      	
  ISSN={2296-7745}
}

@inproceedings{rov_application,
  author = {Gutierrez, Luis and Zuluaga, Carlos and Vasquez, Rafael and Florez, Diego and Taborda, Elkin and Valencia, Raul},
  year = {2010},
  month = {01},
  title = {Development of an Underwater Remotely Operated Vehicle (ROV) for Surveillance and Inspection of Port Facilities},
  volume = {11},
  journal = {ASME International Mechanical Engineering Congress and Exposition, Proceedings (IMECE)},
  doi = {10.1115/IMECE2010-38217}
}

@article{actuators,
  author = {Chen, Yung-Yu and Lee, Chun-Yen and Huang, Ya-Xuan and Yu, Tsung-Tso},
  year = {2022},
  month = {03},
  pages = {104},
  title = {Control Allocation Design for Torpedo-Like Underwater Vehicles with Multiple Actuators},
  volume = {11},
  journal = {Actuators},
  doi = {10.3390/act11040104}
}

@article{6dof,
author = {Li, Qian and Cao, Yu and Li, Boyang and Ingram, David and Kiprakis, Aristides},
year = {2020},
pages = {688},
title = {Numerical Modelling and Experimental Testing of the Hydrodynamic Characteristics for an Open-Frame Remotely Operated Vehicle},
volume = {8},
journal = {Journal of Marine Science and Engineering},
doi = {10.3390/jmse8090688}
}

@online{cob,
    title = {The Buoyant Force and Stability of Floating Vessels},
    year = {2024},
    url = {https://www.jove.com/v/10374/the-buoyant-force-and-stability-of-floating-vessels}
}

@online{bluerobotics,
    title = {BlueROV2 Heavy Configuration Retrofit Kit},
    year = {2024},
    url = {https://bluerobotics.com/store/rov/bluerov2-upgrade-kits/brov2-heavy-retrofit/}
}

@article{img_smc,
  title = {Variable structure-based control of fuel cell-supercapacitor-battery based hybrid electric vehicle},
  journal = {Journal of Energy Storage},
  volume = {29},
  pages = {101365},
  year = {2020},
  issn = {2352-152X},
  doi = {https://doi.org/10.1016/j.est.2020.101365},
  author = {Aqeel Ur Rahman and Iftikhar Ahmad and Ali Shafiq Malik}
}

@article{smc_phases,
author = {Rehman, Abdul and Ashraf, Muhammad and Bhatti, Aamer},
year = {2018},
month = {10},
pages = {2799},
title = {Fixed Frequency Sliding Mode Control of Power Converters for Improved Dynamic Response in DC Micro-Grids},
volume = {11},
journal = {Energies},
doi = {10.3390/en11102799}
}

@article{boundary,
author = {Ozbay, Harun and Karafil, Akif and Oncu, Selim},
year = {2021},
month = {01},
pages = {1241-1258},
title = {Sliding mode PLL-PDM controller for induction heating system},
volume = {29},
journal = {Turkish Journal of Electrical Engineering and Computer Sciences},
doi = {10.3906/elk-1908-62}
}